@misc{conroy2021collection,
  title={A collection of dice problems},
  author={Conroy, M},
  url={www.madandmoonly.com/doctormatt/mathematics/dice1.pdf},
  year={2021}
}


@article{trevino2020expected,
  title={Expected Number of Dice Rolls for the Sum to Reach n},
  author={Trevi{\~n}o, Enrique},
  journal={The American Mathematical Monthly},
  volume={127},
  number={3},
  pages={257--257},
  year={2020},
  publisher={Taylor \& Francis}
}


@misc{146114,
    TITLE = {Expected number of dice rolls require to make a sum greater than or equal to K?},
    AUTHOR = {Usual Suspect},
    HOWPUBLISHED = {Cross Validated},
    URL = {https://stats.stackexchange.com/q/146114},
    year = {2019},
    note = {https://stats.stackexchange.com/users/73364/usual-suspect}
}